Introduction
@article{markowitz1952portfolio,
	title = {Portfolio Selection},
	author = {Markowitz, Harry},
	year = {1952},
	journal = {Journal of Finance},
	volume = {7},
	number = {1},
	pages = {77-91}
}

Market Factor
@article{sharpe1964capital,
	title={Capital asset prices: A theory of market equilibrium under conditions of risk},
	author={Sharpe, William F},
	journal={The journal of finance},
	volume={19},
	number={3},
	pages={425--442},
	year={1964},
	publisher={Wiley Online Library}
}

Market Factor
@article{lintner1965security,
	title={Security prices, risk, and maximal gains from diversification},
	author={Lintner, John},
	journal={The journal of finance},
	volume={20},
	number={4},
	pages={587--615},
	year={1965},
	publisher={JSTOR}
}

Market Factor
@article{mossin1966equilibrium,
	title={Equilibrium in a capital asset market},
	author={Mossin, Jan},
	journal={Econometrica: Journal of the econometric society},
	pages={768--783},
	year={1966},
	publisher={JSTOR}
}


Three factor model
@article{fama1992cross,
	title={The cross-section of expected stock returns},
	author={Fama, Eugene F and French, Kenneth R},
	journal={the Journal of Finance},
	volume={47},
	number={2},
	pages={427--465},
	year={1992},
	publisher={Wiley Online Library}
}


Five factor model
@article{fama2015five,
	title={A five-factor asset pricing model},
	author={Fama, Eugene F and French, Kenneth R},
	journal={Journal of financial economics},
	volume={116},
	number={1},
	pages={1--22},
	year={2015},
	publisher={Elsevier}
}

Momentum factor with three factor model
@article{carhart1997persistence,
	title={On persistence in mutual fund performance},
	author={Carhart, Mark M},
	journal={The Journal of finance},
	volume={52},
	number={1},
	pages={57--82},
	year={1997},
	publisher={Wiley Online Library}
}


















Papers dos fatores
Size Factor
@article{fama1993common,
	title={Common risk factors in the returns on stocks and bonds},
	author={Fama, Eugene F and French, Kenneth R},
	journal={Journal of financial economics},
	volume={33},
	number={1},
	pages={3--56},
	year={1993},
	publisher={Elsevier}
}

Gross Profitability Factor
Value Profitability Factor
Asset Turnover Factor
Gross Margins Factor
Value-Momentum Factor
@article{novy2013other,
	title={The other side of value: The gross profitability premium},
	author={Novy-Marx, Robert},
	journal={Journal of financial economics},
	volume={108},
	number={1},
	pages={1--28},
	year={2013},
	publisher={Elsevier}
}

Piotroski's F-Score Factor
@article{piotroski2000value,
	title={Value investing: The use of historical financial statement information to separate winners from losers},
	author={Piotroski, Joseph D},
	journal={Journal of Accounting Research},
	pages={1--41},
	year={2000},
	publisher={JSTOR}
}

Debit Issuance Factor
@article{spiess1999long,
	title={The long-run performance of stock returns following debt offerings},
	author={Spiess, D Katherine and Affleck-Graves, John},
	journal={Journal of Financial Economics},
	volume={54},
	number={1},
	pages={45--73},
	year={1999},
	publisher={Elsevier}
}

Share Repurchases Factor
@article{ikenberry1995market,
	title={Market underreaction to open market share repurchases},
	author={Ikenberry, David and Lakonishok, Josef and Vermaelen, Theo},
	journal={Journal of financial economics},
	volume={39},
	number={2-3},
	pages={181--208},
	year={1995},
	publisher={Elsevier}
}

Share Issuance (annual) Factor
@article{pontiff2008share,
	title={Share issuance and cross-sectional returns},
	author={Pontiff, Jeffrey and Woodgate, Artemiza},
	journal={The Journal of Finance},
	volume={63},
	number={2},
	pages={921--945},
	year={2008},
	publisher={Wiley Online Library}
}

Accruals Factor
@article{sloan1996stock,
	title={Do stock prices fully reflect information in accruals and cash flows about future earnings?},
	author={Sloan, Richard G},
	journal={Accounting review},
	pages={289--315},
	year={1996},
	publisher={JSTOR}
}

Asset Growth Factor
@article{cooper2008asset,
	title={Asset growth and the cross-section of stock returns},
	author={Cooper, Michael J and Gulen, Huseyin and Schill, Michael J},
	journal={the Journal of Finance},
	volume={63},
	number={4},
	pages={1609--1651},
	year={2008},
	publisher={Wiley Online Library}
}

Asset Turnover Factor
@article{soliman2008use,
	title={The use of DuPont analysis by market participants},
	author={Soliman, Mark T},
	journal={The accounting review},
	volume={83},
	number={3},
	pages={823--853},
	year={2008}
}

Dividend Yield Factor
@article{naranjo1998stock,
	title={Stock returns, dividend yields, and taxes},
	author={Naranjo, Andy and Nimalendran, M and Ryngaert, Mike},
	journal={The Journal of Finance},
	volume={53},
	number={6},
	pages={2029--2057},
	year={1998},
	publisher={Wiley Online Library}
}

Earnings/Price Factor
@article{basu1977investment,
	title={Investment performance of common stocks in relation to their price-earnings ratios: A test of the efficient market hypothesis},
	author={Basu, Sanjoy},
	journal={The journal of Finance},
	volume={32},
	number={3},
	pages={663--682},
	year={1977},
	publisher={Wiley Online Library}
}

Cash Flow / Market Value of Equity Factor
Sales Growth Factor
@article{lakonishok1994contrarian,
	title={Contrarian investment, extrapolation, and risk},
	author={Lakonishok, Josef and Shleifer, Andrei and Vishny, Robert W},
	journal={The journal of finance},
	volume={49},
	number={5},
	pages={1541--1578},
	year={1994},
	publisher={Wiley Online Library}
}

Net Operating Assets Factor
@article{hirshleifer2004investors,
	title={Do investors overvalue firms with bloated balance sheets?},
	author={Hirshleifer, David and Hou, Kewei and Teoh, Siew Hong and Zhang, Yinglei},
	journal={Journal of Accounting and Economics},
	volume={38},
	pages={297--331},
	year={2004},
	publisher={Elsevier}
}

Investiment Factor
Return on Assets (annual) Factor
Return on Book Equity Factor
Return on Market Equity Factor
Return on Assets Factor
@article{chen2011alternative,
	title={An alternative three-factor model},
	author={Chen, Long and Novy-Marx, Robert and Zhang, Lu},
	journal={Available at SSRN 1418117},
	year={2011}
}

Investiment-to-Capital Factor
Investment Growth Factor
@article{xing2008interpreting,
	title={Interpreting the value effect through the Q-theory: An empirical investigation},
	author={Xing, Yuhang},
	journal={The Review of Financial Studies},
	volume={21},
	number={4},
	pages={1767--1795},
	year={2008},
	publisher={Society for Financial Studies}
}

Leverage Factor
@article{bhandari1988debt,
	title={Debt/equity ratio and expected common stock returns: Empirical evidence},
	author={Bhandari, Laxmi Chand},
	journal={The journal of finance},
	volume={43},
	number={2},
	pages={507--528},
	year={1988},
	publisher={Wiley Online Library}
}

Return on Equity (annual) Factor
@article{haugen1996commonality,
	title={Commonality in the determinants of expected stock returns},
	author={Haugen, Robert A and Baker, Nardin L},
	journal={Journal of financial economics},
	volume={41},
	number={3},
	pages={401--439},
	year={1996},
	publisher={Elsevier}
}

Sales-to-Price Factor
@article{barbee1996sales,
	title={Do sales--price and debt--equity explain stock returns better than book--market and firm size?},
	author={Barbee Jr, William C and Mukherji, Sandip and Raines, Gary A},
	journal={Financial Analysts Journal},
	volume={52},
	number={2},
	pages={56--60},
	year={1996},
	publisher={Taylor \& Francis}
}

Growht in LTNOA Factor
@article{fairfield2003accrued,
	title={Accrued earnings and growth: Implications for future profitability and market mispricing},
	author={Fairfield, Patricia M and Whisenant, J Scott and Yohn, Teri Lombardi},
	journal={The accounting review},
	volume={78},
	number={1},
	pages={353--371},
	year={2003}
}

Momentum Factor
Momentum (1 year) Factor
Momentum-Reversal Factor
@article{jegadeesh1993returns,
	title={Returns to buying winners and selling losers: Implications for stock market efficiency},
	author={Jegadeesh, Narasimhan and Titman, Sheridan},
	journal={The Journal of finance},
	volume={48},
	number={1},
	pages={65--91},
	year={1993},
	publisher={Wiley Online Library}
}

Industry Momentum Factor
Industry Momentum-Reversal
@article{moskowitz1999industries,
	title={Do industries explain momentum?},
	author={Moskowitz, Tobias J and Grinblatt, Mark},
	journal={The Journal of finance},
	volume={54},
	number={4},
	pages={1249--1290},
	year={1999},
	publisher={Wiley Online Library}
}

Short Interest Factor
@article{dechow1998relation,
	title={The relation between earnings and cash flows},
	author={Dechow, Patricia M and Kothari, Sagar P and Watts, Ross L},
	journal={Journal of accounting and Economics},
	volume={25},
	number={2},
	pages={133--168},
	year={1998},
	publisher={Elsevier}
}

Long-term Reversals Factor
@article{de1985does,
	title={Does the stock market overreact?},
	author={De Bondt, Werner FM and Thaler, Richard},
	journal={The Journal of finance},
	volume={40},
	number={3},
	pages={793--805},
	year={1985},
	publisher={Wiley Online Library}
}

Value (monthly) Factor
@article{asness2013devil,
	title={The devil in HMLâ€™s details},
	author={Asness, Clifford and Frazzini, Andrea},
	journal={The Journal of Portfolio Management},
	volume={39},
	number={4},
	pages={49--68},
	year={2013},
	publisher={Institutional Investor Journals Umbrella}
}

Share Issuance (monthly) Factor
@article{pontiff2008share,
	title={Share issuance and cross-sectional returns},
	author={Pontiff, Jeffrey and Woodgate, Artemiza},
	journal={The Journal of Finance},
	volume={63},
	number={2},
	pages={921--945},
	year={2008},
	publisher={Wiley Online Library}
}

PEAD (SUE) Factor
@article{foster1984earnings,
	title={Earnings releases, anomalies, and the behavior of security returns},
	author={Foster, George and Olsen, Chris and Shevlin, Terry},
	journal={Accounting Review},
	pages={574--603},
	year={1984},
	publisher={JSTOR}
}

Short-term Reversal Factor
@article{jegadeesh1990evidence,
	title={Evidence of predictable behavior of security returns},
	author={Jegadeesh, Narasimhan},
	journal={The Journal of finance},
	volume={45},
	number={3},
	pages={881--898},
	year={1990},
	publisher={Wiley Online Library}
}

Idiosyncratic Volatility Factor
@article{ang2006cross,
	title={The cross-section of volatility and expected returns},
	author={Ang, Andrew and Hodrick, Robert J and Xing, Yuhang and Zhang, Xiaoyan},
	journal={The journal of finance},
	volume={61},
	number={1},
	pages={259--299},
	year={2006},
	publisher={Wiley Online Library}
}

Beta Arbitrage Factor
@article{cooper2008asset,
	title={Asset growth and the cross-section of stock returns},
	author={Cooper, Michael J and Gulen, Huseyin and Schill, Michael J},
	journal={the Journal of Finance},
	volume={63},
	number={4},
	pages={1609--1651},
	year={2008},
	publisher={Wiley Online Library}
}

Seasonality Factor
@article{heston2008seasonality,
	title={Seasonality in the cross-section of stock returns},
	author={Heston, Steven L and Sadka, Ronnie},
	journal={Journal of Financial Economics},
	volume={87},
	number={2},
	pages={418--445},
	year={2008},
	publisher={Elsevier}
}

Industry Relative Reversals Factor
Industry Relative Reversals (Low Volatality) Factor
@article{da2014closer,
	title={A closer look at the short-term return reversal},
	author={Da, Zhi and Liu, Qianqiu and Schaumburg, Ernst},
	journal={Management science},
	volume={60},
	number={3},
	pages={658--674},
	year={2014},
	publisher={INFORMS}
}

Composite Issuance Factor
@article{daniel2006market,
	title={Market reactions to tangible and intangible information},
	author={Daniel, Kent and Titman, Sheridan},
	journal={The Journal of Finance},
	volume={61},
	number={4},
	pages={1605--1643},
	year={2006},
	publisher={Wiley Online Library}
}

Price Factor
@article{blume1973price,
	title={Price, beta, and exchange listing},
	author={Blume, Marshall E and Husic, Frank},
	journal={The Journal of Finance},
	volume={28},
	number={2},
	pages={283--299},
	year={1973},
	publisher={JSTOR}
}

Firm Age Factor
@article{barry1984differential,
	title={Differential information and the small firm effect},
	author={Barry, Christopher B and Brown, Stephen J},
	journal={Journal of financial economics},
	volume={13},
	number={2},
	pages={283--294},
	year={1984},
	publisher={Elsevier}
}

Share Volume Factor
@article{datar1998liquidity,
	title={Liquidity and stock returns: An alternative test},
	author={Datar, Vinay T and Naik, Narayan Y and Radcliffe, Robert},
	journal={Journal of financial markets},
	volume={1},
	number={2},
	pages={203--219},
	year={1998},
	publisher={Elsevier}
}













Papers de motivaÃ§Ã£o
@article{chinco2019sparse,
	title={Sparse signals in the cross-section of returns},
	author={Chinco, Alex and Clark-Joseph, Adam D and Ye, Mao},
	journal={The Journal of Finance},
	volume={74},
	number={1},
	pages={449--492},
	year={2019},
	publisher={Wiley Online Library}
}


@article{feng2020taming,
	title={Taming the factor zoo: A test of new factors},
	author={Feng, Guanhao and Giglio, Stefano and Xiu, Dacheng},
	journal={The Journal of Finance},
	volume={75},
	number={3},
	pages={1327--1370},
	year={2020},
	publisher={Wiley Online Library}
}